@inproceedings{
higgins2017betavae,
title={beta-{VAE}: Learning Basic Visual Concepts with a Constrained Variational Framework},
author={Irina Higgins and Loic Matthey and Arka Pal and Christopher Burgess and Xavier Glorot and Matthew Botvinick and Shakir Mohamed and Alexander Lerchner},
booktitle={International Conference on Learning Representations},
year={2017},
url={https://openreview.net/forum?id=Sy2fzU9gl}
}
